@article{chomsky1956three,
  title={Three models for the description of language},
  author={Chomsky, Noam},
  journal={IRE Transactions on information theory},
  volume={2},
  number={3},
  pages={113--124},
  year={1956},
  publisher={IEEE}
}
@inproceedings{jw1959c,
  title={The syntax and semantics of the proposed international algebraic language of the Zurich ACM-GAMM Conference},
  author={Backus, John Warner},
  booktitle={Proceedings of the International Conference of Information Processing UNESCO Paris June},
  year={1959}
}
@inproceedings{pentus1993lambek,
  title={Lambek grammars are context free},
  author={Pentus, Mati},
  booktitle={[1993] Proceedings Eighth Annual IEEE Symposium on Logic in Computer Science},
  pages={429--433},
  year={1993},
  organization={IEEE}
}
@book{gazdar1985generalized,
  title={Generalized phrase structure grammar},
  author={Gazdar, Gerald and Klein, Ewan and Pullum, Geoffrey K and Sag, Ivan A},
  year={1985},
  publisher={Harvard University Press}
}
@book{pollard1994head,
  title={Head-driven phrase structure grammar},
  author={Pollard, Carl and Sag, Ivan A},
  year={1994},
  publisher={University of Chicago Press}
}
@incollection{jacobson1987phrase,
  title={Phrase structure, grammatical relations, and discontinuous constituents},
  author={Jacobson, Pauline},
  booktitle={Discontinuous constituency},
  pages={27--69},
  year={1987},
  publisher={Brill}
}
@book{dalrymple2001lexical,
  title={Lexical functional grammar},
  author={Dalrymple, Mary},
  year={2001},
  publisher={Brill}
}
@book{mel1988dependency,
  title={Dependency syntax: theory and practice},
  author={Mel'cuk, Igor Aleksandrovic},
  year={1988},
  publisher={State University of New York Press}
}
@book{sgall1986meaning,
  title={The meaning of the sentence in its semantic and pragmatic aspects},
  author={Sgall, Petr and Hajicov{\'a}, Eva and Hajicov{\'a}, Eva and Panevov{\'a}, Jarmila and Panevova, Jarmila},
  year={1986},
  publisher={Springer Science \& Business Media}
}
@article{sleator1995parsing,
  title={Parsing English with a link grammar},
  author={Sleator, Daniel DK and Temperley, Davy},
  journal={arXiv preprint cmp-lg/9508004},
  year={1995}
}
@article{nivre2020universal,
  title={Universal Dependencies v2: An evergrowing multilingual treebank collection},
  author={Nivre, Joakim and de Marneffe, Marie-Catherine and Ginter, Filip and Haji{\v{c}}, Jan and Manning, Christopher D and Pyysalo, Sampo and Schuster, Sebastian and Tyers, Francis and Zeman, Daniel},
  journal={arXiv preprint arXiv:2004.10643},
  year={2020}
}
@article{10.1162/coli_a_00402,
    author = {de Marneffe, Marie-Catherine and Manning, Christopher D. and Nivre, Joakim and Zeman, Daniel},
    title = "{Universal Dependencies}",
    journal = {Computational Linguistics},
    volume = {47},
    number = {2},
    pages = {255-308},
    year = {2021},
    month = {07},
    abstract = "{Universal dependencies (UD) is a framework for morphosyntactic annotation of human language, which to date has been used to create treebanks for more than 100 languages. In this article, we outline the linguistic theory of the UD framework, which draws on a long tradition of typologically oriented grammatical theories. Grammatical relations between words are centrally used to explain how predicate–argument structures are encoded morphosyntactically in different languages while morphological features and part-of-speech classes give the properties of words. We argue that this theory is a good basis for crosslinguistically consistent annotation of typologically diverse languages in a way that supports computational natural language understanding as well as broader linguistic studies.}",
    issn = {0891-2017},
}
@article{mel2003levels,
  title={Levels of dependency in linguistic description: Concepts and problems},
  author={Mel’cuk, Igor Aleksandrovic},
  journal={Dependency and Valency. An International Handbook of Contemporary Research},
  volume={1},
  pages={188--229},
  year={2003}
}
@article{moortgat1991heads,
  title={Heads and phrases: Type calculus for dependency and constituent structure},
  author={Moortgat, Michael and Morrill, Glyn},
  journal={Manuscript, Universiteit Utrecht},
  pages={429--450},
  year={1991}
}
@inproceedings{hendriks1997logic,
  title={The logic of tune a proof-theoretic analysis of intonation},
  author={Hendriks, Herman},
  booktitle={International Conference on Logical Aspects of Computational Linguistics},
  pages={132--159},
  year={1997},
  organization={Springer}
}
@article{kurtonina1997structural,
  title={Structural control},
  author={Kurtonina, Natasha and Moortgat, Michael},
  journal={Specifying syntactic structures},
  pages={75--113},
  year={1997}
}
@book{tesniere2015elements,
  title={Elements of structural syntax},
  author={Tesni{\`e}re, Lucien},
  year={2015},
  publisher={John Benjamins Publishing Company},
  note={Original publication date 1959.}
}
@article{haspelmath2014arguments,
  title={Arguments and adjuncts as language-particular syntactic categories and as comparative concepts},
  author={Haspelmath, Martin},
  journal={Linguistic Discovery},
  volume={12},
  number={2},
  pages={3--11},
  year={2014}
}
@inproceedings{fillmore1976frame,
  title={Frame semantics and the nature of language},
  author={Fillmore, Charles J and others},
  booktitle={Annals of the New York Academy of Sciences: Conference on the origin and development of language and speech},
  volume={280},
  number={1},
  pages={20--32},
  year={1976},
  organization={New York}
}
@article{kobayashi1997monad,
  title={Monad as modality},
  author={Kobayashi, Satoshi},
  journal={Theoretical Computer Science},
  volume={175},
  number={1},
  pages={29--74},
  year={1997},
  publisher={Elsevier}
}
@article{gaifman1965dependency,
  title={Dependency systems and phrase-structure systems},
  author={Gaifman, Haim},
  journal={Information and control},
  volume={8},
  number={3},
  pages={304--337},
  year={1965},
  publisher={Elsevier}
}
@inproceedings{moa,
	author = {Heylen, Dirk},
	title = {Underspecification in Type-Logical Grammars},
	year = {1997},
	isbn = {3540657517},
	publisher = {Springer-Verlag},
	address = {Berlin, Heidelberg},
	abstract = {We show how in a mixed multimodal categorial framework unary modalities can be used to represent morphosyntactic properties of expressions. The residuation logic for the unary connectives, ⋄i □i is used to define a feature checking procedure.Each mode i represents some morphosyntactic feature. Underspecification is dealt with by assuming general modes that are related to specific instances by inclusion postulates.The distribution of features is regulated by means of distribution postulates.The mixed multimodal approach is compared to some other versions of extended categorial grammars that deal with morphosyntactic issues.},
	booktitle = {Selected Papers from the Second International Conference on Logical Aspects of Computational Linguistics},
	pages = {180–199},
	numpages = {20},
	series = {LACL '97}
}
@article{johnson1999resource,
  title={A resource sensitive interpretation of Lexical Functional Grammar},
  author={Johnson, Mark},
  journal={Journal of Logic, Language and Information},
  volume={8},
  number={1},
  pages={45--81},
  year={1999},
  publisher={Springer}
}
@inbook{rouss,
	title = {Diamonds are Forever: Theoretical and Empirical Support for a Dependency-Enhanced Type Logic},
	author= {Moortgat, Michael and Kogkalidis, Konstantinos and Wijnholds, Gijs},
	editor = {Loukanova, Roussanka and Le{F}anu Lumsdaine, Peter and Muskens, Reinhard},
	year = {2022},
	publisher = {Springer},
	series = {Studies in Computational Intelligence (SCI)},
	booktitle = {Logic and Algorithms in Computational Linguistics 2021}
}
@book{kuhlmann2010dependency,
  title={Dependency Structures and Lexicalized Grammars: An Algebraic Approach},
  author={Kuhlmann, Marco},
  volume={6270},
  year={2010},
  publisher={Springer}
}
@article{dekhtyar2015categorial,
  title={Categorial dependency grammars},
  author={Dekhtyar, Michael and Dikovsky, Alexander and Karlov, Boris},
  journal={Theoretical Computer Science},
  volume={579},
  pages={33--63},
  year={2015},
  publisher={Elsevier}
}
@incollection{10.7551/mitpress/6169.003.0012,
  author={Johnson, Mark},
    isbn = {9780262271172},
    title = "{Type-driven Semantic Interpretation and Feature Dependencies in R-LFG}",
    booktitle = "{Semantics and Syntax in Lexical Functional Grammar: The Resource Logic Approach}",
    publisher = {The MIT Press},
    year = {1999},
    month = {03},
    doi = {10.7551/mitpress/6169.003.0012},
    eprint = {https://direct.mit.edu/book/chapter-pdf/276572/9780262271172\_caj.pdf},
}

