@article{russel1908,
  title={Mathematical logic as based on the theory of types},
  author={Russell, Bertrand},
  journal={American journal of mathematics},
  volume={30},
  number={3},
  pages={222--262},
  year={1908},
  publisher={JSTOR}
}
@article{church1940,
  title={A formulation of the simple theory of types},
  author={Church, Alonzo},
  journal={The journal of symbolic logic},
  volume={5},
  number={2},
  pages={56--68},
  year={1940},
  publisher={Cambridge University Press}
}
@article{heyting1930,
  title={Die formalen Regeln der intuitionistischen Logik},
  author={Heyting, Arend},
  journal={Sitzungsbericht PreuBische Akademie der Wissenschaften Berlin, physikalisch-mathematische Klasse II},
  pages={42--56},
  year={1930}
}
@inproceedings{groote1999strong,
  title={On the strong normalization of natural deduction with permutation-conversions},
  author={Groote, Philippe de},
  booktitle={International Conference on Rewriting Techniques and Applications},
  pages={45--59},
  year={1999},
  organization={Springer}
}
@book{pierce2004advanced,
  title={Advanced topics in types and programming languages},
  author={Pierce, Benjamin C},
  year={2004},
  publisher={MIT press}
}
@article{girard1987linear,
  title={Linear logic},
  author={Girard, Jean-Yves},
  journal={Theoretical computer science},
  volume={50},
  number={1},
  pages={1--101},
  year={1987},
  publisher={Elsevier}
}
