@article{bangalore1999supertagging,
  title={Supertagging: An approach to almost parsing},
  author={Bangalore, Srinivas and Joshi, Aravind},
  journal={Computational linguistics},
  volume={25},
  number={2},
  pages={237--265},
  year={1999}
}
@inproceedings{joshi1994disambiguation,
  title={Disambiguation of super parts of speech (or supertags) almost parsing},
  author={Joshi, Aravind K and Bangalore, Srinivas},
  booktitle={Proceedings of the 15th conference on Computational linguistics-Volume 1},
  pages={154--160},
  year={1994}
}
