@article{doi:10.1080/01621459.1976.10480949,
	author = {Box, George Edward Pelham},
	title = {Science and Statistics},
	journal = {Journal of the American Statistical Association},
	volume = {71},
	number = {356},
	pages = {791-799},
	year  = {1976},
	publisher = {Taylor & Francis},
}
@article{wadler2015propositions,
  title={Propositions as types},
  author={Wadler, Philip},
  journal={Communications of the ACM},
  volume={58},
  number={12},
  pages={75--84},
  year={2015},
  publisher={ACM New York, NY, USA}
}